<?xml version="1.0" encoding="UTF-8"?><collection xmlns="http://www.loc.gov/MARC21/slim"><record><leader>00581nam--2200205-i-4500</leader><controlfield tag="001">000021061</controlfield><controlfield tag="002">20161230</controlfield><controlfield tag="005">20161230201034</controlfield><controlfield tag="008">060222s1000------------r-----000-0-eng-d</controlfield><datafield ind1=" " ind2=" " tag="020"><subfield code="a">0120200155</subfield></datafield><datafield ind1=" " ind2=" " tag="040"><subfield code="a">IFIN-HH</subfield></datafield><datafield ind1=" " ind2=" " tag="080"><subfield code="a">536.24(082.1)</subfield></datafield><datafield ind1="1" ind2=" " tag="100"><subfield code="a">Hartnett, James P</subfield></datafield><datafield ind1="1" ind2="0" tag="245"><subfield code="a">Advances in heat transfer</subfield><subfield code="b">Vol. 15</subfield><subfield code="c">James p. hartnett; thomas f. irvine, jr. (eds.)</subfield></datafield><datafield ind1=" " ind2=" " tag="260"><subfield code="a">New York</subfield><subfield code="b">Academic Press</subfield><subfield code="c">1982</subfield></datafield><datafield ind1=" " ind2=" " tag="300"><subfield code="a">352P</subfield></datafield><datafield ind1=" " ind2=" " tag="490"><subfield code="a">Advances In Heat Transfer</subfield></datafield><datafield ind1="1" ind2=" " tag="700"><subfield code="a">Irvine, Thomas F., Jr</subfield><subfield code="e">Ed</subfield></datafield><datafield ind1=" " ind2=" " tag="852"><subfield code="a">17194</subfield><subfield code="c">536</subfield></datafield><datafield ind1=" " ind2=" " tag="CAT"><subfield code="a">Sys</subfield><subfield code="c">20110505</subfield><subfield code="h">110734</subfield></datafield></record></collection>